% -*-bibliografia.bib-*-
% Este fichero es parte de la plantilla LaTeX para
% la realización de Proyectos Final de Carrera, protejido
% bajo los términos de la licencia GFDL.
% Para más información, la licencia completa viene incluida en el
% fichero fdl-1.3.tex

% Copyright (C) 2009 Pablo Recio Quijano 

@MISC{website:androidstudio,
AUTHOR = "{Android Developers}",
title = "{Android Studio}",
HOWPUBLISHED = "\url{https://developer.android.com/studio/intro/index.html#project_structure}"
}

@MISC{website:cuota,
AUTHOR = "{Kantar Worldpanel ComTech}",
title = "{Cuota de mercado de smartphones en España}",
HOWPUBLISHED = "\url{http://es.kantar.com/tech/móvil/2017/junio-2017-cuota-de-mercado-de-smartphones-en-españa-2017/}"
}

@MISC{website:git,
AUTHOR = "{GIT}",
title = "{Documentation}",
HOWPUBLISHED = "\url{https://git-scm.com/documentation}"
}

@MISC{website:sqlite,
      AUTHOR = "{SQLite}",
      title = "{Documentation}",
      HOWPUBLISHED = "\url{https://www.sqlite.org/docs.html}"
}

@MISC{website:android,
AUTHOR = "{Google}",
title = "{Android Developers}",
HOWPUBLISHED = "\url{https://developer.android.com/index.html}"
}

@MISC{website:ine,
      AUTHOR = "{INE}",
      title = "{Instituto Nacional de Estadística}",
      HOWPUBLISHED = "\url{http://www.ine.es}"
}

@MISC{website:mpandroid,
      AUTHOR = "{Philipp Jahoda}",
      title = "{MPAndroidChart Wiki}",
      HOWPUBLISHED = "\url{https://github.com/PhilJay/MPAndroidChart/wiki}"
}

@Book{mitt04,
  author = 	 {Rikli, R. and Jones, C.},
  title = 	 {Senior fitness test manual},
  publisher = 	 {Human Kinetics},
  year = 	 {2001}
}